@article{Boles1998,
  title={Identification and Characterization of MAE1, the Saccharomyces
cerevisiae Structural Gene Encoding Mitochondrial Malic Enzyme},
  author={Boles, Eckhard and de Jong-Gubbels, Patricia and Pronk, Jack
T},
  journal={Journal of bacteriology},
  volume={180},
  number={11},
  pages={2875--2882},
  year={1998},
  publisher={Am Soc Microbiol}
}

@ARTICLE{Hoyle2007,
  title    = "Stress-dependent relocalization of translationally primed {mRNPs}
              to cytoplasmic granules that are kinetically and spatially
              distinct from P-bodies",
  author   = "Hoyle, Nathaniel P and Castelli, Lydia M and Campbell, Susan G
              and Holmes, Leah E A and Ashe, Mark P",
  journal  = "J. Cell Biol.",
  volume   =  179,
  number   =  1,
  pages    = "65--74",
  month    =  oct,
  year     =  2007,
  language = "en"
}

@ARTICLE{Schwartz2000,
  title    = "{mRNA} decapping in yeast requires dissociation of the cap
              binding protein, eukaryotic translation initiation factor {4E}",
  author   = "Schwartz, D C and Parker, R",
  journal  = "Mol. Cell. Biol.",
  volume   =  20,
  number   =  21,
  pages    = "7933--7942",
  month    =  nov,
  year     =  2000,
  language = "en"
}

@ARTICLE{Neymotin2016,
  title    = "Multiple Transcript Properties Related to Translation Affect
              {mRNA} Degradation Rates in Saccharomyces cerevisiae",
  author   = "Neymotin, Benjamin and Ettore, Victoria and Gresham, David",
  journal  = "G3",
  month    =  sep,
  year     =  2016,
  keywords = "codon optimality; degradation; mRNA; translation",
  language = "en"
}

@ARTICLE{Guisbert2005,
  title   = "Functional specificity of shuttling {hnRNPs} revealed by
             genome-wide analysis of their {RNA} binding profiles",
  author  = "Guisbert, K and Duncan, Kent and Li, Hao and Guthrie,
             Christine",
  journal = "RNA",
  volume  =  11,
  number  =  4,
  pages   = "383--393",
  year    =  2005
}

@ARTICLE{Sliva2016,
  title    = "Barcode Sequencing Screen Identifies {SUB1} as a Regulator of
              Yeast Pheromone Inducible Genes",
  author   = "Sliva, Anna and Kuang, Zheng and Meluh, Pamela B and Boeke, Jef D",
  journal  = "G3",
  volume   =  6,
  number   =  4,
  pages    = "881--892",
  month    =  apr,
  year     =  2016,
  keywords = "SUB1; mating; transcription",
  language = "en"
}

@ARTICLE{Duffy2015,
  title    = "Tracking Distinct {RNA} Populations Using Efficient and
              Reversible Covalent Chemistry",
  author   = "Duffy, Erin E and Rutenberg-Schoenberg, Michael and Stark,
              Catherine D and Kitchen, Robert R and Gerstein, Mark B and Simon,
              Matthew D",
  journal  = "Mol. Cell",
  volume   =  59,
  number   =  5,
  pages    = "858--866",
  month    =  sep,
  year     =  2015,
  language = "en"
}

@ARTICLE{Vandersluis2014,
  title   = "Broad metabolic sensitivity profiling of a prototrophic yeast
             deletion collection",
  author  = "VanderSluis, Benjamin and Hess, David C and Pesyna, Colin and
             Krumholz, Elias W and Syed, Tahin and Szappanos, Bal{\'a}zs and
             Nislow, Corey and Papp, Bal{\'a}zs and Troyanskaya, Olga G and
             Myers, Chad L and Caudy, Amy A",
  journal = "Genome Biol.",
  volume  =  15,
  number  =  4,
  pages   = "R64",
  year    =  2014
}

@ARTICLE{Kebaara2003,
  title   = "The Upf-dependent decay of wild-type {PPR1} {mRNA} depends on its
             {5'-UTR} and first 92 {ORF} nucleotides",
  author  = "Kebaara, B",
  journal = "Nucleic Acids Res.",
  volume  =  31,
  number  =  12,
  pages   = "3157--3165",
  year    =  2003
}

@ARTICLE{Smith2009,
  title    = "Quantitative phenotyping via deep barcode sequencing",
  author   = "Smith, Andrew M and Heisler, Lawrence E and Mellor, Joseph and
              Kaper, Fiona and Thompson, Michael J and Chee, Mark and Roth,
              Frederick P and Giaever, Guri and Nislow, Corey",
  journal  = "Genome Res.",
  volume   =  19,
  number   =  10,
  pages    = "1836--1842",
  month    =  oct,
  year     =  2009,
  language = "en"
}

@ARTICLE{Peterman2016,
  title    = "Sort-seq under the hood: implications of design choices on
              large-scale characterization of sequence-function relations",
  author   = "Peterman, Neil and Levine, Erel",
  journal  = "BMC Genomics",
  volume   =  17,
  pages    = "206",
  month    =  mar,
  year     =  2016,
  language = "en"
}

@ARTICLE{Magasanik2002,
  title    = "Nitrogen regulation in Saccharomyces cerevisiae",
  author   = "Magasanik, Boris and Kaiser, Chris A",
  journal  = "Gene",
  volume   =  290,
  number   = "1-2",
  pages    = "1--18",
  month    =  may,
  year     =  2002,
  language = "en"
}

@ARTICLE{Merhi2012,
  title   = "Internal Amino Acids Promote Gap1 Permease Ubiquitylation via
             {TORC1/Npr1/14-3-3-Dependent} Control of the Bul {Arrestin-Like}
             Adaptors",
  author  = "Merhi, A and Andre, B",
  journal = "Mol. Cell. Biol.",
  volume  =  32,
  number  =  22,
  pages   = "4510--4522",
  year    =  2012
}

@ARTICLE{Beck1999,
  title    = "The {TOR} signalling pathway controls nuclear localization of
              nutrient-regulated transcription factors",
  author   = "Beck, T and Hall, M N",
  journal  = "Nature",
  volume   =  402,
  number   =  6762,
  pages    = "689--692",
  month    =  dec,
  year     =  1999,
  language = "en"
}

@ARTICLE{Hanley2013,
  title    = "Detection of low abundance {RNA} molecules in individual cells by
              flow cytometry",
  author   = "Hanley, Mary Beth and Lomas, Woodrow and Mittar, Dev and Maino,
              Vernon and Park, Emily",
  journal  = "PLoS One",
  volume   =  8,
  number   =  2,
  pages    = "e57002",
  month    =  feb,
  year     =  2013,
  language = "en"
}

@ARTICLE{Giaever2014,
  title    = "The yeast deletion collection: a decade of functional genomics",
  author   = "Giaever, Guri and Nislow, Corey",
  journal  = "Genetics",
  volume   =  197,
  number   =  2,
  pages    = "451--465",
  month    =  jun,
  year     =  2014,
  keywords = "fitness profiling; functional genomics; mutant phenotype; yeast
              deletion",
  language = "en"
}

@ARTICLE{Freeberg2013,
  title    = "Pervasive and dynamic protein binding sites of the {mRNA}
              transcriptome in Saccharomyces cerevisiae",
  author   = "Freeberg, Mallory A and Han, Ting and Moresco, James J and Kong,
              Andy and Yang, Yu-Cheng and Lu, Zhi John and Yates, John R and
              Kim, John K",
  journal  = "Genome Biol.",
  volume   =  14,
  number   =  2,
  pages    = "R13",
  month    =  feb,
  year     =  2013,
  language = "en"
}

@ARTICLE{Rajyaguru2012,
  title    = "Scd6 targets {eIF4G} to repress translation: {RGG} motif proteins
              as a class of {eIF4G-binding} proteins",
  author   = "Rajyaguru, Purusharth and She, Meipei and Parker, Roy",
  journal  = "Mol. Cell",
  volume   =  45,
  number   =  2,
  pages    = "244--254",
  month    =  jan,
  year     =  2012,
  language = "en"
}

@ARTICLE{Riback2017-vw,
  title    = "{Stress-Triggered} Phase Separation Is an Adaptive,
              Evolutionarily Tuned Response",
  author   = "Riback, Joshua A and Katanski, Christopher D and Kear-Scott,
              Jamie L and Pilipenko, Evgeny V and Rojek, Alexandra E and
              Sosnick, Tobin R and Drummond, D Allan",
  journal  = "Cell",
  volume   =  168,
  number   =  6,
  pages    = "1028--1040.e19",
  month    =  mar,
  year     =  2017,
  keywords = "RNA-binding protein; energy depletion; heat shock; intrinsically
              disordered protein; low-complexity region; membraneless
              organelle; pH; poly(A)-binding protein; quinary structure; stress
              granules",
  language = "en"
}

@ARTICLE{Kim2013,
  title    = "{TopHat2}: accurate alignment of transcriptomes in the presence
              of insertions, deletions and gene fusions",
  author   = "Kim, Daehwan and Pertea, Geo and Trapnell, Cole and Pimentel,
              Harold and Kelley, Ryan and Salzberg, Steven L",
  journal  = "Genome Biol.",
  volume   =  14,
  number   =  4,
  pages    = "R36",
  month    =  apr,
  year     =  2013,
  language = "en"
}

@ARTICLE{Tesniere2017,
  title    = "Relief from nitrogen starvation triggers a transient
              destabilization of glycolytic {mRNAs} in Saccharomyces cerevisiae
              cells",
  author   = "Tesni{\`e}re, Catherine and Pradal, Martine and Bessi{\`e}re,
              Chlo{\'e} and Sanchez, Isabelle and Blondin, Bruno and Bigey,
              Fr{\'e}d{\'e}ric",
  journal  = "Mol. Biol. Cell",
  month    =  dec,
  year     =  2017,
  language = "en"
}


@ARTICLE{Li2010,
  title    = "Predicting in vivo binding sites of {RNA-binding} proteins using
              {mRNA} secondary structure",
  author   = "Li, Xiao and Quon, Gerald and Lipshitz, Howard D and Morris,
              Quaid",
  journal  = "RNA",
  volume   =  16,
  number   =  6,
  pages    = "1096--1107",
  month    =  jun,
  year     =  2010,
  language = "en"
}

@ARTICLE{Baumgartner2011,
  title    = "Antagonistic gene transcripts regulate adaptation to new growth
              environments",
  author   = "Baumgartner, Bridget L and Bennett, Matthew R and Ferry, Michael
              and Johnson, Tracy L and Tsimring, Lev S and Hasty, Jeff",
  journal  = "Proc. Natl. Acad. Sci. U. S. A.",
  volume   =  108,
  number   =  52,
  pages    = "21087--21092",
  month    =  dec,
  year     =  2011,
  language = "en"
}

@ARTICLE{Khong2017,
  title    = "The Stress Granule Transcriptome Reveals Principles of {mRNA}
              Accumulation in Stress Granules",
  author   = "Khong, Anthony and Matheny, Tyler and Jain, Saumya and Mitchell,
              Sarah F and Wheeler, Joshua R and Parker, Roy",
  journal  = "Mol. Cell",
  volume   =  68,
  number   =  4,
  pages    = "808--820.e5",
  month    =  nov,
  year     =  2017,
  keywords = "RNA localization; RNA-seq; RNP granules; amyotrophic lateral
              sclerosis; eCLIP; mRNP assemblies; neurodegenerative diseases;
              single molecule FISH; stress granules",
  language = "en"
}

@ARTICLE{Worley2015,
  title    = "{Genome-Wide} Analysis of the {TORC1} and Osmotic Stress
              Signaling Network in Saccharomyces cerevisiae",
  author   = "Worley, Jeremy and Sullivan, Arron and Luo, Xiangxia and Kaplan,
              Matthew E and Capaldi, Andrew P",
  journal  = "G3",
  volume   =  6,
  number   =  2,
  pages    = "463--474",
  month    =  dec,
  year     =  2015,
  keywords = "TORC1; high-throughput screen; osmotic stress; yeast knock-out
              collection",
  language = "en"
}

@ARTICLE{Nissan2010,
  title    = "Decapping activators in Saccharomyces cerevisiae act by multiple
              mechanisms",
  author   = "Nissan, Tracy and Rajyaguru, Purusharth and She, Meipei and Song,
              Haiwei and Parker, Roy",
  journal  = "Mol. Cell",
  volume   =  39,
  number   =  5,
  pages    = "773--783",
  month    =  sep,
  year     =  2010,
  language = "en"
}

@ARTICLE{Gapp2016,
  title    = "Parallel reverse genetic screening in mutant human cells using
              transcriptomics",
  author   = "Gapp, Bianca V and Konopka, Tomasz and Penz, Thomas and Dalal,
              Vineet and B{\"u}rckst{\"u}mmer, Tilmann and Bock, Christoph and
              Nijman, Sebastian Mb",
  journal  = "Mol. Syst. Biol.",
  volume   =  12,
  number   =  8,
  pages    = "879",
  month    =  aug,
  year     =  2016,
  keywords = "kinases; multiplexed RNA sequencing; parallel screening; reverse
              genetics; systematic phenotyping",
  language = "en"
}

@article{Dever2016,
  title={Mechanism and regulation of protein synthesis in Saccharomyces cerevisiae},
  author={Dever, Thomas E and Kinzy, Terri Goss and Pavitt, Graham D},
  journal={Genetics},
  volume={203},
  number={1},
  pages={65--107},
  year={2016},
  publisher={Genetics Soc America}
}

@article{Lee2015,
  title={Glucose-regulated phosphorylation of the PUF protein Puf3 regulates the translational fate of its bound mRNAs and association with RNA granules},
  author={Lee, Chien-Der and Tu, Benjamin P},
  journal={Cell reports},
  volume={11},
  number={10},
  pages={1638--1650},
  year={2015},
  publisher={Elsevier}
}

@ARTICLE{Olivas2000,
  title    = "The Puf3 protein is a transcript-specific regulator of {mRNA}
              degradation in yeast",
  author   = "Olivas, W and Parker, R",
  journal  = "EMBO J.",
  volume   =  19,
  number   =  23,
  pages    = "6602--6611",
  month    =  dec,
  year     =  2000,
  language = "en"
}


@ARTICLE{Braun2014,
  title    = "Phosphoproteomic analysis identifies proteins involved in
              transcription-coupled {mRNA} decay as targets of Snf1 signaling",
  author   = "Braun, Katherine A and Vaga, Stefania and Dombek, Kenneth M and
              Fang, Fang and Palmisano, Salvator and Aebersold, Ruedi and
              Young, Elton T",
  journal  = "Sci. Signal.",
  volume   =  7,
  number   =  333,
  pages    = "ra64",
  month    =  jul,
  year     =  2014,
  language = "en"
}

@ARTICLE{Scheffler1998,
  title    = "Control of {mRNA} turnover as a mechanism of glucose repression
              in Saccharomyces cerevisiae",
  author   = "Scheffler, I E and de la Cruz, B J and Prieto, S",
  journal  = "Int. J. Biochem. Cell Biol.",
  volume   =  30,
  number   =  11,
  pages    = "1175--1193",
  month    =  nov,
  year     =  1998,
  language = "en"
}

@ARTICLE{Lui2014,
  title    = "Granules harboring translationally active {mRNAs} provide a
              platform for P-body formation following stress",
  author   = "Lui, Jennifer and Castelli, Lydia M and Pizzinga, Mariavittoria
              and Simpson, Clare E and Hoyle, Nathaniel P and Bailey, Kathryn L
              and Campbell, Susan G and Ashe, Mark P",
  journal  = "Cell Rep.",
  volume   =  9,
  number   =  3,
  pages    = "944--954",
  month    =  nov,
  year     =  2014,
  language = "en"
}

@ARTICLE{Ray2013,
  title    = "A compendium of {RNA-binding} motifs for decoding gene regulation",
  author   = "Ray, Debashish and Kazan, Hilal and Cook, Kate B and Weirauch,
              Matthew T and Najafabadi, Hamed S and Li, Xiao and Gueroussov,
              Serge and Albu, Mihai and Zheng, Hong and Yang, Ally and Na, Hong
              and Irimia, Manuel and Matzat, Leah H and Dale, Ryan K and Smith,
              Sarah A and Yarosh, Christopher A and Kelly, Seth M and Nabet,
              Behnam and Mecenas, Desirea and Li, Weimin and Laishram, Rakesh S
              and Qiao, Mei and Lipshitz, Howard D and Piano, Fabio and
              Corbett, Anita H and Carstens, Russ P and Frey, Brendan J and
              Anderson, Richard A and Lynch, Kristen W and Penalva, Luiz O F
              and Lei, Elissa P and Fraser, Andrew G and Blencowe, Benjamin J
              and Morris, Quaid D and Hughes, Timothy R",
  journal  = "Nature",
  volume   =  499,
  number   =  7457,
  pages    = "172--177",
  month    =  jul,
  year     =  2013,
  language = "en"
}

@ARTICLE{Shalem2008,
  title    = "Transient transcriptional responses to stress are generated by
              opposing effects of {mRNA} production and degradation",
  author   = "Shalem, Ophir and Dahan, Orna and Levo, Michal and Martinez,
              Maria Rodriguez and Furman, Itay and Segal, Eran and Pilpel,
              Yitzhak",
  journal  = "Mol. Syst. Biol.",
  volume   =  4,
  pages    = "223",
  month    =  oct,
  year     =  2008,
  language = "en"
}

@ARTICLE{Gupta2016,
  title    = "Translational Capacity of a Cell Is Determined during
              Transcription Elongation via the {Ccr4-Not} Complex",
  author   = "Gupta, Ishaan and Villanyi, Zoltan and Kassem, Sari and Hughes,
              Christopher and Panasenko, Olesya O and Steinmetz, Lars M and
              Collart, Martine A",
  journal  = "Cell Rep.",
  volume   =  15,
  number   =  8,
  pages    = "1782--1794",
  month    =  may,
  year     =  2016,
  language = "en"
}

@ARTICLE{Stacklies2007,
  title   = "pcaMethods a bioconductor package providing {PCA} methods for
             incomplete data",
  author  = "Stacklies, W and Redestig, H and Scholz, M and Walther, D and
             Selbig, J",
  journal = "Bioinformatics",
  volume  =  23,
  number  =  9,
  pages   = "1164--1167",
  year    =  2007
}

@ARTICLE{Loll-Krippleber2017,
  title    = "P-body proteins regulate transcriptional rewiring to promote
              {DNA} replication stress resistance",
  author   = "Loll-Krippleber, Raphael and Brown, Grant W",
  journal  = "Nat. Commun.",
  volume   =  8,
  number   =  1,
  pages    = "558",
  month    =  sep,
  year     =  2017,
  language = "en"
}

@ARTICLE{Kafri2016,
  title   = "The Cost of Protein Production",
  author  = "Kafri, Moshe and Metzl-Raz, Eyal and Jona, Ghil and Barkai, Naama",
  journal = "Cell Rep.",
  volume  =  14,
  number  =  1,
  pages   = "22--31",
  year    =  2016
}

@ARTICLE{Risinger2006,
  title    = "Activity-dependent reversible inactivation of the general amino
              acid permease",
  author   = "Risinger, April L and Cain, Natalie E and Chen, Esther J and
              Kaiser, Chris A",
  journal  = "Mol. Biol. Cell",
  volume   =  17,
  number   =  10,
  pages    = "4411--4419",
  month    =  oct,
  year     =  2006,
  language = "en"
}

@ARTICLE{Wadsworth2017,
  title    = "{mRNA} detection in budding yeast with single fluorophores",
  author   = "Wadsworth, Gable M and Parikh, Rasesh Y and Choy, John S and Kim,
              Harold D",
  journal  = "Nucleic Acids Res.",
  volume   =  45,
  number   =  15,
  pages    = "e141",
  month    =  sep,
  year     =  2017,
  language = "en"
}

@ARTICLE{Sharif2013,
  title    = "Architecture of the {Lsm1-7-Pat1} complex: a conserved assembly
              in eukaryotic {mRNA} turnover",
  author   = "Sharif, Humayun and Conti, Elena",
  journal  = "Cell Rep.",
  volume   =  5,
  number   =  2,
  pages    = "283--291",
  month    =  oct,
  year     =  2013,
  language = "en"
}

@ARTICLE{Pelechano2008,
  title    = "The transcriptional inhibitor thiolutin blocks {mRNA} degradation
              in yeast",
  author   = "Pelechano, Vicent and P{\'e}rez-Ort{\'\i}n, Jos{\'e} E",
  journal  = "Yeast",
  volume   =  25,
  number   =  2,
  pages    = "85--92",
  month    =  feb,
  year     =  2008,
  language = "en"
}

@ARTICLE{Munchel2011,
  title    = "Dynamic profiling of {mRNA} turnover reveals gene-specific and
              system-wide regulation of {mRNA} decay",
  author   = "Munchel, Sarah E and Shultzaberger, Ryan K and Takizawa, Naoki
              and Weis, Karsten",
  journal  = "Mol. Biol. Cell",
  volume   =  22,
  number   =  15,
  pages    = "2787--2795",
  month    =  aug,
  year     =  2011,
  language = "en"
}

@ARTICLE{Ramachandran2011,
  title    = "The {cAMP-dependent} protein kinase signaling pathway is a key
              regulator of {P} body foci formation",
  author   = "Ramachandran, Vidhya and Shah, Khyati H and Herman, Paul K",
  journal  = "Mol. Cell",
  volume   =  43,
  number   =  6,
  pages    = "973--981",
  month    =  sep,
  year     =  2011,
  language = "en"
}

@ARTICLE{Neklesa2009,
  title    = "A genome-wide screen for regulators of {TORC1} in response to
              amino acid starvation reveals a conserved Npr2/3 complex",
  author   = "Neklesa, Taavi K and Davis, Ronald W",
  journal  = "PLoS Genet.",
  volume   =  5,
  number   =  6,
  pages    = "e1000515",
  month    =  jun,
  year     =  2009,
  language = "en"
}

@ARTICLE{Airoldi2016,
  title    = "Steady-state and dynamic gene expression programs in
              Saccharomyces cerevisiae in response to variation in
              environmental nitrogen",
  author   = "Airoldi, Edoardo M and Miller, Darach and Athanasiadou, Rodoniki
              and Brandt, Nathan and Abdul-Rahman, Farah and Neymotin, Benjamin
              and Hashimoto, Tatsu and Bahmani, Tayebeh and Gresham, David",
  journal  = "Mol. Biol. Cell",
  volume   =  27,
  number   =  8,
  pages    = "1383--1396",
  month    =  apr,
  year     =  2016,
  language = "en"
}

@ARTICLE{Sweet2012,
  title    = "The {DEAD-box} protein Dhh1 promotes decapping by slowing
              ribosome movement",
  author   = "Sweet, Thomas and Kovalak, Carrie and Coller, Jeff",
  journal  = "PLoS Biol.",
  volume   =  10,
  number   =  6,
  pages    = "e1001342",
  month    =  jun,
  year     =  2012,
  language = "en"
}

@ARTICLE{Smith2017,
  title   = "{UMI-tools}: modeling sequencing errors in Unique Molecular
             Identifiers to improve quantification accuracy",
  author  = "Smith, Tom and Heger, Andreas and Sudbery, Ian",
  journal = "Genome Res.",
  volume  =  27,
  number  =  3,
  pages   = "491--499",
  year    =  2017
}

@ARTICLE{Canadell2015,
  title    = "Impact of high pH stress on yeast gene expression: A
              comprehensive analysis of {mRNA} turnover during stress responses",
  author   = "Canadell, David and Garc{\'\i}a-Mart{\'\i}nez, Jos{\'e} and
              Alepuz, Paula and P{\'e}rez-Ort{\'\i}n, Jos{\'e} E and Ari{\~n}o,
              Joaqu{\'\i}n",
  journal  = "Biochim. Biophys. Acta",
  volume   =  1849,
  number   =  6,
  pages    = "653--664",
  month    =  jun,
  year     =  2015,
  keywords = "Alkaline stress; Environmental stress response; Genomic Run-On;
              Saccharomyces cerevisiae; mRNA stability",
  language = "en"
}

@ARTICLE{Raj2008,
  title    = "Imaging individual {mRNA} molecules using multiple singly labeled
              probes",
  author   = "Raj, Arjun and van den Bogaard, Patrick and Rifkin, Scott A and
              van Oudenaarden, Alexander and Tyagi, Sanjay",
  journal  = "Nat. Methods",
  volume   =  5,
  number   =  10,
  pages    = "877--879",
  month    =  oct,
  year     =  2008,
  language = "en"
}

@ARTICLE{Zenklusen2008,
  title    = "{Single-RNA} counting reveals alternative modes of gene
              expression in yeast",
  author   = "Zenklusen, Daniel and Larson, Daniel R and Singer, Robert H",
  journal  = "Nat. Struct. Mol. Biol.",
  volume   =  15,
  number   =  12,
  pages    = "1263--1271",
  month    =  dec,
  year     =  2008,
  language = "en"
}

@article{braun2016snf1,
  title={Snf1-dependent transcription confers glucose-induced decay
upon the mRNA product},
  author={Braun, Katherine A and Dombek, Kenneth M and Young, Elton
T},
  journal={Molecular and cellular biology},
  volume={36},
  number={4},
  pages={628--644},
  year={2016},
  publisher={Am Soc Microbiol}
}

@ARTICLE{Neymotin2014,
  title    = "Determination of in vivo {RNA} kinetics using {RATE-seq}",
  author   = "Neymotin, Benjamin and Athanasiadou, Rodoniki and Gresham, David",
  journal  = "RNA",
  volume   =  20,
  number   =  10,
  pages    = "1645--1652",
  month    =  oct,
  year     =  2014,
  keywords = "RATE-seq; RNA degradation; RNA synthesis; metabolic labeling;
              thiouracil",
  language = "en"
}

@ARTICLE{McLeay2010,
  title    = "Motif Enrichment Analysis: a unified framework and an evaluation
              on {ChIP} data",
  author   = "McLeay, Robert C and Bailey, Timothy L",
  journal  = "BMC Bioinformatics",
  volume   =  11,
  pages    = "165",
  month    =  apr,
  year     =  2010,
  language = "en"
}

@ARTICLE{Cereghino1995,
  title    = "Glucose-dependent turnover of the {mRNAs} encoding succinate
              dehydrogenase peptides in Saccharomyces cerevisiae: sequence
              elements in the 5' untranslated region of the Ip {mRNA} play a
              dominant role",
  author   = "Cereghino, G P and Atencio, D P and Saghbini, M and Beiner, J and
              Scheffler, I E",
  journal  = "Mol. Biol. Cell",
  volume   =  6,
  number   =  9,
  pages    = "1125--1143",
  month    =  sep,
  year     =  1995,
  language = "en"
}


@ARTICLE{Rao2017,
  title    = "Numerous interactions act redundantly to assemble a tunable size
              of {P} bodies in Saccharomyces cerevisiae",
  author   = "Rao, Bhalchandra S and Parker, Roy",
  journal  = "Proc. Natl. Acad. Sci. U. S. A.",
  volume   =  114,
  number   =  45,
  pages    = "E9569--E9578",
  month    =  nov,
  year     =  2017,
  keywords = "P bodies; RNP granules; mRNA decay",
  language = "en"
}

@ARTICLE{Tate2017,
  title    = "General Amino Acid Control and 14-3-3 Proteins Bmh1/2 Are
              Required for Nitrogen Catabolite {Repression-Sensitive}
              Regulation of Gln3 and Gat1 Localization",
  author   = "Tate, Jennifer J and Buford, David and Rai, Rajendra and Cooper,
              Terrance G",
  journal  = "Genetics",
  volume   =  205,
  number   =  2,
  pages    = "633--655",
  month    =  feb,
  year     =  2017,
  keywords = "Bmh1/2; Gat1; Gcn2; Gln3; nitrogen catabolite repression",
  language = "en"
}

@ARTICLE{Kief1981,
  title    = "Coordinate control of syntheses of ribosomal ribonucleic acid and
              ribosomal proteins during nutritional shift-up in Saccharomyces
              cerevisiae",
  author   = "Kief, D R and Warner, J R",
  journal  = "Mol. Cell. Biol.",
  volume   =  1,
  number   =  11,
  pages    = "1007--1015",
  month    =  nov,
  year     =  1981,
  language = "en"
}

@ARTICLE{Shachrai2010,
  title   = "Cost of Unneeded Proteins in E. coli Is Reduced after Several
             Generations in Exponential Growth",
  author  = "Shachrai, Irit and Zaslaver, Alon and Alon, Uri and Dekel, Erez",
  journal = "Mol. Cell",
  volume  =  38,
  number  =  5,
  pages   = "758--767",
  year    =  2010
}

@ARTICLE{Stanbrough1995,
  title    = "Transcriptional and posttranslational regulation of the general
              amino acid permease of Saccharomyces cerevisiae",
  author   = "Stanbrough, M and Magasanik, B",
  journal  = "J. Bacteriol.",
  volume   =  177,
  number   =  1,
  pages    = "94--102",
  month    =  jan,
  year     =  1995,
  language = "en"
}

@MISC{Storey2015,
    title = {qvalue: Q-value estimation for false discovery rate control},
    author = {Storey, John D. and Bass, Andrew J. and Dabney, Alan and Robinson, David},
    year = {2015},
    note = {R package version 2.8.0},
    url = {http://github.com/jdstorey/qvalue},
}


@ARTICLE{Miller2011,
  title    = "Dynamic transcriptome analysis measures rates of {mRNA} synthesis
              and decay in yeast",
  author   = "Miller, Christian and Schwalb, Bj{\"o}rn and Maier, Kerstin and
              Schulz, Daniel and D{\"u}mcke, Sebastian and Zacher, Benedikt and
              Mayer, Andreas and Sydow, Jasmin and Marcinowski, Lisa and
              D{\"o}lken, Lars and Martin, Dietmar E and Tresch, Achim and
              Cramer, Patrick",
  journal  = "Mol. Syst. Biol.",
  volume   =  7,
  pages    = "458",
  month    =  jan,
  year     =  2011,
  language = "en"
}

@ARTICLE{Robinson2013,
  title   = "Design and Analysis of Bar-seq Experiments",
  author  = "Robinson, David G and Chen, Wei and Storey, John D and Gresham,
             David",
  journal = "G3: Genes|Genomes|Genetics",
  volume  =  4,
  number  =  1,
  pages   = "11--18",
  year    =  2013
}

@ARTICLE{Radhakrishnan2016,
  title    = "The {DEAD-Box} Protein Dhh1p Couples {mRNA} Decay and Translation
              by Monitoring Codon Optimality",
  author   = "Radhakrishnan, Aditya and Chen, Ying-Hsin and Martin, Sophie and
              Alhusaini, Najwa and Green, Rachel and Coller, Jeff",
  journal  = "Cell",
  volume   =  167,
  number   =  1,
  pages    = "122--132.e9",
  month    =  sep,
  year     =  2016,
  language = "en"
}

@ARTICLE{Tutucci2017,
  title    = "An improved {MS2} system for accurate reporting of the {mRNA}
              life cycle",
  author   = "Tutucci, Evelina and Vera, Maria and Biswas, Jeetayu and Garcia,
              Jennifer and Parker, Roy and Singer, Robert H",
  journal  = "Nat. Methods",
  month    =  nov,
  year     =  2017,
  language = "en"
}

@ARTICLE{Kresnowati2006,
  title    = "When transcriptome meets metabolome: fast cellular responses of
              yeast to sudden relief of glucose limitation",
  author   = "Kresnowati, M T A P and van Winden, W A and Almering, M J H and
              ten Pierick, A and Ras, C and Knijnenburg, T A and
              Daran-Lapujade, P and Pronk, J T and Heijnen, J J and Daran, J M",
  journal  = "Mol. Syst. Biol.",
  volume   =  2,
  pages    = "49",
  month    =  sep,
  year     =  2006,
  language = "en"
}

@ARTICLE{Hargrove1989,
  title    = "The role of {mRNA} and protein stability in gene expression",
  author   = "Hargrove, J L and Schmidt, F H",
  journal  = "FASEB J.",
  volume   =  3,
  number   =  12,
  pages    = "2360--2370",
  month    =  oct,
  year     =  1989,
  language = "en"
}

@ARTICLE{Scherens2006,
  title   = "Identification of direct and indirect targets of the Gln3 and Gat1
             activators by transcriptional profiling in response to nitrogen
             availability in the short and long term",
  author  = "Scherens, Bart and Feller, Andr{\~a}\copyright{} and Vierendeels,
             Fabienne and Messenguy, Francine and Dubois, Evelyne",
  journal = "FEMS Yeast Res.",
  volume  =  6,
  number  =  5,
  pages   = "777--791",
  year    =  2006
}

@ARTICLE{Klemm2014,
  title    = "Transcriptional profiling of cells sorted by {RNA} abundance",
  author   = "Klemm, Sandy and Semrau, Stefan and Wiebrands, Kay and Mooijman,
              Dylan and Faddah, Dina A and Jaenisch, Rudolf and van
              Oudenaarden, Alexander",
  journal  = "Nat. Methods",
  volume   =  11,
  number   =  5,
  pages    = "549--551",
  month    =  may,
  year     =  2014,
  language = "en"
}


@ARTICLE{Haimovich2013,
  title    = "Gene expression is circular: factors for {mRNA} degradation also
              foster {mRNA} synthesis",
  author   = "Haimovich, Gal and Medina, Daniel A and Causse, Sebastien Z and
              Garber, Manuel and Mill{\'a}n-Zambrano, Gonzalo and Barkai, Oren
              and Ch{\'a}vez, Sebasti{\'a}n and P{\'e}rez-Ort{\'\i}n, Jos{\'e}
              E and Darzacq, Xavier and Choder, Mordechai",
  journal  = "Cell",
  volume   =  153,
  number   =  5,
  pages    = "1000--1011",
  month    =  may,
  year     =  2013,
  language = "en"
}

@ARTICLE{Puig2005,
  title    = "Coordinated remodeling of cellular metabolism during iron
              deficiency through targeted {mRNA} degradation",
  author   = "Puig, Sergi and Askeland, Eric and Thiele, Dennis J",
  journal  = "Cell",
  volume   =  120,
  number   =  1,
  pages    = "99--110",
  month    =  jan,
  year     =  2005,
  language = "en"
}

@ARTICLE{Teixeira2007,
  title    = "Analysis of P-body assembly in Saccharomyces cerevisiae",
  author   = "Teixeira, Daniela and Parker, Roy",
  journal  = "Mol. Biol. Cell",
  volume   =  18,
  number   =  6,
  pages    = "2274--2287",
  month    =  jun,
  year     =  2007,
  language = "en"
}

@ARTICLE{Fu2011,
  title    = "Counting individual {DNA} molecules by the stochastic attachment
              of diverse labels",
  author   = "Fu, Glenn K and Hu, Jing and Wang, Pei-Hua and Fodor, Stephen P A",
  journal  = "Proc. Natl. Acad. Sci. U. S. A.",
  volume   =  108,
  number   =  22,
  pages    = "9026--9031",
  month    =  may,
  year     =  2011,
  language = "en"
}

@ARTICLE{Mercado1994,
  title    = "The levels of yeast gluconeogenic {mRNAs} respond to
              environmental factors",
  author   = "Mercado, J J and Smith, R and Sagliocco, F A and Brown, A J and
              Gancedo, J M",
  journal  = "Eur. J. Biochem.",
  volume   =  224,
  number   =  2,
  pages    = "473--481",
  month    =  sep,
  year     =  1994,
  language = "en"
}

@article{Hong2017,
  title={Incorporation of unique molecular identifiers in TruSeq
adapters improves the accuracy of quantitative sequencing},
  author={Hong, Jungeui and Gresham, David},
  journal={BioTechniques},
  volume={63},
  number={5},
  pages={221--226},
  year={2017}
}

@ARTICLE{De_la_Cruz2002,
  title   = "The role of the 5' untranslated region ({UTR}) in
             glucose-dependent {mRNA} decay",
  author  = "de la Cruz, Bernard J and Prieto, Susana and Scheffler, Immo E",
  journal = "Yeast",
  volume  =  19,
  number  =  10,
  pages   = "887--902",
  year    =  2002
}

@ARTICLE{Trcek2011,
  title    = "Single-molecule {mRNA} decay measurements reveal promoter-
              regulated {mRNA} stability in yeast",
  author   = "Trcek, Tatjana and Larson, Daniel R and Mold{\'o}n, Alberto and
              Query, Charles C and Singer, Robert H",
  journal  = "Cell",
  volume   =  147,
  number   =  7,
  pages    = "1484--1497",
  month    =  dec,
  year     =  2011,
  language = "en"
}

@ARTICLE{Alonso2012,
  title   = "A complex {'mRNA} degradation code' controls gene expression
             during animal development",
  author  = "Alonso, Claudio R",
  journal = "Trends Genet.",
  volume  =  28,
  number  =  2,
  pages   = "78--88",
  year    =  2012
}

@ARTICLE{Dolken2008,
  title    = "High-resolution gene expression profiling for simultaneous
              kinetic parameter analysis of {RNA} synthesis and decay",
  author   = "D{\"o}lken, Lars and Ruzsics, Zsolt and R{\"a}dle, Bernd and
              Friedel, Caroline C and Zimmer, Ralf and Mages, J{\"o}rg and
              Hoffmann, Reinhard and Dickinson, Paul and Forster, Thorsten and
              Ghazal, Peter and Koszinowski, Ulrich H",
  journal  = "RNA",
  volume   =  14,
  number   =  9,
  pages    = "1959--1972",
  month    =  sep,
  year     =  2008,
  language = "en"
}

@ARTICLE{Pelechano2010,
  title    = "A complete set of nascent transcription rates for yeast genes",
  author   = "Pelechano, Vicent and Ch{\'a}vez, Sebasti{\'a}n and
              P{\'e}rez-Ort{\'\i}n, Jos{\'e} E",
  journal  = "PLoS One",
  volume   =  5,
  number   =  11,
  pages    = "e15442",
  month    =  nov,
  year     =  2010,
  language = "en"
}

@ARTICLE{Tate2013,
  title    = "Five conditions commonly used to down-regulate tor complex 1
              generate different physiological situations exhibiting distinct
              requirements and outcomes",
  author   = "Tate, Jennifer J and Cooper, Terrance G",
  journal  = "J. Biol. Chem.",
  volume   =  288,
  number   =  38,
  pages    = "27243--27262",
  month    =  sep,
  year     =  2013,
  keywords = "Amino Acid; Cell Signaling; GATA; Gating; Gln3; Glutamine
              Synthase; Methionine Sulfoximine; Nitrogen Metabolism; Rapamycin;
              TorC1",
  language = "en"
}

@ARTICLE{Tkach2012,
  title   = "Dissecting {DNA} damage response pathways by analysing protein
             localization and abundance changes during {DNA} replication stress",
  author  = "Tkach, Johnny M and Yimit, Askar and Lee, Anna Y and Riffle,
             Michael and Costanzo, Michael and Jaschob, Daniel and Hendry,
             Jason A and Ou, Jiongwen and Moffat, Jason and Boone, Charles and
             Davis, Trisha N and Nislow, Corey and Brown, Grant W",
  journal = "Nat. Cell Biol.",
  volume  =  14,
  number  =  9,
  pages   = "966--976",
  year    =  2012
}

@ARTICLE{Li2013,
  title   = "Aligning sequence reads, clone sequences and assembly contigs with
             {BWA-MEM}",
  author  = "Li, Heng",
  journal = "arXiv",
  pages   = "1303.3997",
  year    =  2013
}

@ARTICLE{Garcia-Martinez2016,
  title    = "Growth rate controls {mRNA} turnover in steady and non-steady
              states",
  author   = "Garc{\'\i}a-Mart{\'\i}nez, Jos{\'e} and Troul{\'e}, Kevin and
              Ch{\'a}vez, Sebasti{\'a}n and P{\'e}rez-Ort{\'\i}n, Jos{\'e} E",
  journal  = "RNA Biol.",
  volume   =  13,
  number   =  12,
  pages    = "1175--1181",
  month    =  dec,
  year     =  2016,
  keywords = "Gene expression; Saccharomyces cerevisiae; growth rate; mRNA
              stability; transcription; yeast",
  language = "en"
}

@ARTICLE{Sheth2003,
  title    = "Decapping and decay of messenger {RNA} occur in cytoplasmic
              processing bodies",
  author   = "Sheth, Ujwal and Parker, Roy",
  journal  = "Science",
  volume   =  300,
  number   =  5620,
  pages    = "805--808",
  month    =  may,
  year     =  2003,
  language = "en"
}

@ARTICLE{Young2012,
  title    = "The {AMP-activated} protein kinase Snf1 regulates transcription
              factor binding, {RNA} polymerase {II} activity, and {mRNA}
              stability of glucose-repressed genes in Saccharomyces cerevisiae",
  author   = "Young, Elton T and Zhang, Chao and Shokat, Kevan M and Parua,
              Pabitra K and Braun, Katherine A",
  journal  = "J. Biol. Chem.",
  volume   =  287,
  number   =  34,
  pages    = "29021--29034",
  month    =  aug,
  year     =  2012,
  language = "en"
}

@ARTICLE{Yin2003,
  title    = "Glucose triggers different global responses in yeast, depending
              on the strength of the signal, and transiently stabilizes
              ribosomal protein {mRNAs}",
  author   = "Yin, Zhikang and Wilson, S{\'e}an and Hauser, Nicole C and
              Tournu, Helene and Hoheisel, J{\"o}rg D and Brown, Alistair J P",
  journal  = "Mol. Microbiol.",
  volume   =  48,
  number   =  3,
  pages    = "713--724",
  month    =  may,
  year     =  2003,
  language = "en"
}

@ARTICLE{Cooper1983,
  title    = "What is the function of nitrogen catabolite repression in
              Saccharomyces cerevisiae?",
  author   = "Cooper, T G and Sumrada, R A",
  journal  = "J. Bacteriol.",
  volume   =  155,
  number   =  2,
  pages    = "623--627",
  month    =  aug,
  year     =  1983,
  language = "en"
}

@ARTICLE{Goodarzi2012,
  title    = "Systematic discovery of structural elements governing stability
              of mammalian messenger {RNAs}",
  author   = "Goodarzi, Hani and Najafabadi, Hamed S and Oikonomou, Panos and
              Greco, Todd M and Fish, Lisa and Salavati, Reza and Cristea,
              Ileana M and Tavazoie, Saeed",
  journal  = "Nature",
  volume   =  485,
  number   =  7397,
  pages    = "264--268",
  month    =  apr,
  year     =  2012,
  language = "en"
}

@ARTICLE{Giordano2016,
  title    = "Dynamical Allocation of Cellular Resources as an Optimal Control
              Problem: Novel Insights into Microbial Growth Strategies",
  author   = "Giordano, Nils and Mairet, Francis and Gouz{\'e}, Jean-Luc and
              Geiselmann, Johannes and de Jong, Hidde",
  journal  = "PLoS Comput. Biol.",
  volume   =  12,
  number   =  3,
  pages    = "e1004802",
  month    =  mar,
  year     =  2016,
  language = "en"
}

@ARTICLE{Perez-Ortin2013,
  title    = "Eukaryotic {mRNA} decay: methodologies, pathways, and links to
              other stages of gene expression",
  author   = "P{\'e}rez-Ort{\'\i}n, Jos{\'e} E and Alepuz, Paula and
              Ch{\'a}vez, Sebasti{\'a}n and Choder, Mordechai",
  journal  = "J. Mol. Biol.",
  volume   =  425,
  number   =  20,
  pages    = "3750--3775",
  month    =  oct,
  year     =  2013,
  language = "en"
}

@ARTICLE{Parker2012,
  title   = "{RNA} Degradation in Saccharomyces cerevisae",
  author  = "Parker, Roy",
  journal = "Genetics",
  volume  =  191,
  number  =  3,
  pages   = "671--702",
  year    =  2012
}

@ARTICLE{Lee2011,
  title    = "A dynamic model of proteome changes reveals new roles for
              transcript alteration in yeast",
  author   = "Lee, M Violet and Topper, Scott E and Hubler, Shane L and Hose,
              James and Wenger, Craig D and Coon, Joshua J and Gasch, Audrey P",
  journal  = "Mol. Syst. Biol.",
  volume   =  7,
  pages    = "514",
  month    =  jul,
  year     =  2011,
  language = "en"
}

@ARTICLE{Huggins2011,
  title    = "{DECOD}: fast and accurate discriminative {DNA} motif finding",
  author   = "Huggins, Peter and Zhong, Shan and Shiff, Idit and Beckerman,
              Rachel and Laptenko, Oleg and Prives, Carol and Schulz, Marcel H
              and Simon, Itamar and Bar-Joseph, Ziv",
  journal  = "Bioinformatics",
  volume   =  27,
  number   =  17,
  pages    = "2361--2367",
  month    =  sep,
  year     =  2011,
  language = "en"
}

@ARTICLE{Luo2011,
  title    = "Nutrients and the Pkh1/2 and Pkc1 protein kinases control {mRNA}
              decay and P-body assembly in yeast",
  author   = "Luo, Guangzuo and Costanzo, Michael and Boone, Charles and
              Dickson, Robert C",
  journal  = "J. Biol. Chem.",
  volume   =  286,
  number   =  11,
  pages    = "8759--8770",
  month    =  mar,
  year     =  2011,
  language = "en"
}

@ARTICLE{Cheng2017,
  title    = "Cis-regulatory elements explain most of the {mRNA} stability
              variation across genes in yeast",
  author   = "Cheng, Jun and Maier, Kerstin C and Avsec, {\v Z}iga and Rus,
              Petra and Gagneur, Julien",
  journal  = "RNA",
  volume   =  23,
  number   =  11,
  pages    = "1648--1659",
  month    =  nov,
  year     =  2017,
  keywords = "cis-regulatory elements; codon optimality; mRNA half-life",
  language = "en"
}

@ARTICLE{Shah2013,
  title    = "Processing body and stress granule assembly occur by independent
              and differentially regulated pathways in Saccharomyces cerevisiae",
  author   = "Shah, Khyati H and Zhang, Bo and Ramachandran, Vidhya and Herman,
              Paul K",
  journal  = "Genetics",
  volume   =  193,
  number   =  1,
  pages    = "109--123",
  month    =  jan,
  year     =  2013,
  language = "en"
}

@ARTICLE{Carter1978,
  title   = "Protein Synthesis, Cell Division and the Cell Cycle in
             Saccharomyces cerevisiae following a Shift to a Richer Medium",
  author  = "Carter, B L A and Lorincz, A and Johnston, G C",
  journal = "J. Gen. Microbiol.",
  volume  =  106,
  number  =  2,
  pages   = "221--225",
  year    =  1978
}

@ARTICLE{Lorenz2011,
  title    = "{ViennaRNA} Package 2.0",
  author   = "Lorenz, Ronny and Bernhart, Stephan H and H{\"o}ner Zu
              Siederdissen, Christian and Tafer, Hakim and Flamm, Christoph and
              Stadler, Peter F and Hofacker, Ivo L",
  journal  = "Algorithms Mol. Biol.",
  volume   =  6,
  pages    = "26",
  month    =  nov,
  year     =  2011,
  language = "en"
}

@ARTICLE{Conway2012,
  title    = "Glucose, nitrogen, and phosphate repletion in Saccharomyces
              cerevisiae: common transcriptional responses to different
              nutrient signals",
  author   = "Conway, Michael K and Grunwald, Douglas and Heideman, Warren",
  journal  = "G3",
  volume   =  2,
  number   =  9,
  pages    = "1003--1017",
  month    =  sep,
  year     =  2012,
  keywords = "RRPE; TOR; cAMP; glucose; mitogenesis; nitrogen; phosphate;
              protein kinase A; transcription; yeast",
  language = "en"
}

@ARTICLE{Huch2017,
  title    = "An {mRNA} decapping mutant deficient in {P} body assembly limits
              {mRNA} stabilization in response to osmotic stress",
  author   = "Huch, Susanne and Nissan, Tracy",
  journal  = "Sci. Rep.",
  volume   =  7,
  pages    = "44395",
  month    =  mar,
  year     =  2017,
  language = "en"
}

@ARTICLE{Godard2007,
  title    = "Effect of 21 different nitrogen sources on global gene expression
              in the yeast Saccharomyces cerevisiae",
  author   = "Godard, Patrice and Urrestarazu, Antonio and Vissers, St{\'e}phan
              and Kontos, Kevin and Bontempi, Gianluca and van Helden, Jacques
              and Andr{\'e}, Bruno",
  journal  = "Mol. Cell. Biol.",
  volume   =  27,
  number   =  8,
  pages    = "3065--3086",
  month    =  apr,
  year     =  2007,
  language = "en"
}


@ARTICLE{Pierrat1993,
  title   = "The 5' untranslated region of the {PPR1} regulatory gene dictates
             rapid {mRNA} decay in yeast",
  author  = "Pierrat, Benoit and Lacroute, Fran{\c c}ois and Losson, R{\'e}gine",
  journal = "Gene",
  volume  =  131,
  number  =  1,
  pages   = "43--51",
  year    =  1993
}

@ARTICLE{Ruano1989,
  title    = "Biphasic amplification of very dilute {DNA} samples via 'booster'
              {PCR}",
  author   = "Ruano, G and Fenton, W and Kidd, K K",
  journal  = "Nucleic Acids Res.",
  volume   =  17,
  number   =  13,
  pages    = "5407",
  month    =  jul,
  year     =  1989,
  language = "en"
}

@ARTICLE{Jona2000,
  title    = "Glucose starvation induces a drastic reduction in the rates of
              both transcription and degradation of {mRNA} in yeast",
  author   = "Jona, G and Choder, M and Gileadi, O",
  journal  = "Biochim. Biophys. Acta",
  volume   =  1491,
  number   = "1-3",
  pages    = "37--48",
  month    =  apr,
  year     =  2000,
  language = "en"
}

@ARTICLE{Gasch2000,
  title    = "Genomic expression programs in the response of yeast cells to
              environmental changes",
  author   = "Gasch, A P and Spellman, P T and Kao, C M and Carmel-Harel, O and
              Eisen, M B and Storz, G and Botstein, D and Brown, P O",
  journal  = "Mol. Biol. Cell",
  volume   =  11,
  number   =  12,
  pages    = "4241--4257",
  month    =  dec,
  year     =  2000,
  language = "en"
}

@ARTICLE{Hein1995,
  title   = "{NPI1}, an essential yeast gene involved in induced degradation of
             Gap1 and Fur4 permeases, encodes the Rsp5 ubiquitin-protein ligase",
  author  = "Hein, Claudine and Springael, Jean-Yves and Volland, Christiane
             and Haguenauer-Tsapis, Rosine and Andre, Bruno",
  journal = "Mol. Microbiol.",
  volume  =  18,
  number  =  1,
  pages   = "77--87",
  year    =  1995
}

@ARTICLE{Richter2017,
  title   = "Glyoxal as an alternative fixative to formaldehyde in
             immunostaining and super‐resolution microscopy",
  author  = "Richter, Katharina N and Revelo, Natalia H and Seitz, Katharina J
             and Helm, Martin S and Sarkar, Deblina and Saleeb, Rebecca S and
             D'Este, Elisa and Eberle, Jessica and Wagner, Eva and Vogl,
             Christian and Lazaro, Diana F and Richter, Frank and Coy‐Vergara,
             Javier and Coceano, Giovanna and Boyden, Edward S and Duncan, Rory
             R and Hell, Stefan W and Lauterbach, Marcel A and Lehnart, Stephan
             E and Moser, Tobias and Outeiro, Tiago and Rehling, Peter and
             Schwappach, Blanche and Testa, Ilaria and Zapiec, Bolek and
             Rizzoli, Silvio O",
  journal = "EMBO J.",
  pages   = "e201695709",
  year    =  2017
}

@ARTICLE{Pelechano2014,
  title    = "Genome-wide identification of transcript start and end sites by
              transcript isoform sequencing",
  author   = "Pelechano, Vicent and Wei, Wu and Jakob, Petra and Steinmetz,
              Lars M",
  journal  = "Nat. Protoc.",
  volume   =  9,
  number   =  7,
  pages    = "1740--1759",
  month    =  jul,
  year     =  2014,
  language = "en"
}

@ARTICLE{Talarek2010,
  title    = "Initiation of the {TORC1-regulated} {G0} program requires Igo1/2,
              which license specific {mRNAs} to evade degradation via the 5'-3'
              {mRNA} decay pathway",
  author   = "Talarek, Nicolas and Cameroni, Elisabetta and Jaquenoud, Malika
              and Luo, Xuan and Bontron, S{\'e}verine and Lippman, Soyeon and
              Devgan, Geeta and Snyder, Michael and Broach, James R and De
              Virgilio, Claudio",
  journal  = "Mol. Cell",
  volume   =  38,
  number   =  3,
  pages    = "345--355",
  month    =  may,
  year     =  2010,
  language = "en"
}

@ARTICLE{Cock2009,
  title    = "Biopython: freely available Python tools for computational
              molecular biology and bioinformatics",
  author   = "Cock, Peter J A and Antao, Tiago and Chang, Jeffrey T and
              Chapman, Brad A and Cox, Cymon J and Dalke, Andrew and Friedberg,
              Iddo and Hamelryck, Thomas and Kauff, Frank and Wilczynski,
              Bartek and de Hoon, Michiel J L",
  journal  = "Bioinformatics",
  volume   =  25,
  number   =  11,
  pages    = "1422--1423",
  month    =  jun,
  year     =  2009,
  language = "en"
}

@ARTICLE{Poornima2016,
  title    = "Arginine methylation promotes translation repression activity of
              {eIF4G-binding} protein, Scd6",
  author   = "Poornima, Gopalakrishna and Shah, Shanaya and Vignesh,
              Venkadasubramanian and Parker, Roy and Rajyaguru, Purusharth I",
  journal  = "Nucleic Acids Res.",
  volume   =  44,
  number   =  19,
  pages    = "9358--9368",
  month    =  nov,
  year     =  2016,
  language = "en"
}

@ARTICLE{Presnyak2015,
  title    = "Codon optimality is a major determinant of {mRNA} stability",
  author   = "Presnyak, Vladimir and Alhusaini, Najwa and Chen, Ying-Hsin and
              Martin, Sophie and Morris, Nathan and Kline, Nicholas and Olson,
              Sara and Weinberg, David and Baker, Kristian E and Graveley,
              Brenton R and Coller, Jeff",
  journal  = "Cell",
  volume   =  160,
  number   =  6,
  pages    = "1111--1124",
  month    =  mar,
  year     =  2015,
  language = "en"
}

@ARTICLE{Gonzalez2000,
  title    = "The yeast {hnRNP-like} protein {Hrp1/Nab4} marks a transcript for
              nonsense-mediated {mRNA} decay",
  author   = "Gonz{\'a}lez, C I and Ruiz-Echevarr{\'\i}a, M J and Vasudevan, S
              and Henry, M F and Peltz, S W",
  journal  = "Mol. Cell",
  volume   =  5,
  number   =  3,
  pages    = "489--499",
  month    =  mar,
  year     =  2000,
  language = "en"
}


@ARTICLE{Coller2004,
  title   = "Eukaryotic {mRNA} Decapping",
  author  = "Coller, Jeff and Parker, Roy",
  journal = "Annu. Rev. Biochem.",
  volume  =  73,
  number  =  1,
  pages   = "861--890",
  year    =  2004
}

@article{Chan2017,
  title={Non-invasive measurement of mRNA decay reveals translation
initiation as the major determinant of mRNA stability},
  author={Chan, Leon Y and Mugler, Christopher F and Heinrich,
Stephanie and Vallotton, Pascal and Weis, Karsten},
  journal={bioRxiv},
  pages={214775},
  year={2017},
  publisher={Cold Spring Harbor Laboratory}
}


@ARTICLE{Rouhanifard2017,
  title   = "Single-molecule fluorescent amplification of {RNA} using
             {clampFISH} probes",
  author  = "Rouhanifard, Sara H and Dunagin, Margaret and Mellis, Ian A and
             Bayatpour, Sareh and Symmons, Orsolya and Cote, Allison and Raj,
             Arjun",
  journal = "bioRxiv (pre-print)",
  month   =  nov,
  year    =  2017
}


@ARTICLE{Elemento2007,
  title    = "A universal framework for regulatory element discovery across all
              genomes and data types",
  author   = "Elemento, Olivier and Slonim, Noam and Tavazoie, Saeed",
  journal  = "Mol. Cell",
  volume   =  28,
  number   =  2,
  pages    = "337--350",
  month    =  oct,
  year     =  2007,
  language = "en"
}

@ARTICLE{Tharun2000,
  title    = "Yeast Sm-like proteins function in {mRNA} decapping and decay",
  author   = "Tharun, S and He, W and Mayes, A E and Lennertz, P and Beggs, J D
              and Parker, R",
  journal  = "Nature",
  volume   =  404,
  number   =  6777,
  pages    = "515--518",
  month    =  mar,
  year     =  2000,
  language = "en"
}

@ARTICLE{Ruano1989,
  title   = "Biphasic amplification of very dilute {DNA} samples via 'booster'
             {PCR}",
  author  = "Ruano, Gualberto and Fenton, Wayne and Kidd, Kenneth K",
  journal = "Nucleic Acids Res.",
  volume  =  17,
  number  =  13,
  pages   = "5407--5407",
  year    =  1989
}

@book{Amberg2005,
  title={Methods in Yeast Genetics: A Cold Spring Harbor Laboratory
Course Manual, 2005 Edition (Cold Spring)},
  author={Amberg, David C and Burke, Daniel J and Strathern, Jeffrey
N},
  year={2005},
  publisher={$\{$Cold Spring Harbor Laboratory Press$\}$}
}

@article{Brauer2008,
  title={Coordination of growth rate, cell cycle, stress response, and
metabolic activity in yeast},
  author={Brauer, Matthew J and Huttenhower, Curtis and Airoldi,
Edoardo M and Rosenstein, Rachel and Matese, John C and Gresham, David
and Boer, Viktor M and Troyanskaya, Olga G and Botstein, David},
  journal={Molecular biology of the cell},
  volume={19},
  number={1},
  pages={352--367},
  year={2008},
  publisher={Am Soc Cell Biol}
}

@article{Storici2006,
  title={The delitto perfetto approach to in vivo site-directed
mutagenesis and chromosome rearrangements with synthetic
oligonucleotides in yeast},
  author={Storici, Francesca and Resnick, Michael A},
  journal={Methods in enzymology},
  volume={409},
  pages={329--345},
  year={2006},
  publisher={Elsevier}
}

@article{Martin2011,
  title={Cutadapt removes adapter sequences from high-throughput
sequencing reads},
  author={Martin, Marcel},
  journal={EMBnet. journal},
  volume={17},
  number={1},
  pages={pp--10},
  year={2011}
}

@article{Li2009,
  title={The sequence alignment/map format and SAMtools},
  author={Li, Heng and Handsaker, Bob and Wysoker, Alec and Fennell,
Tim and Ruan, Jue and Homer, Nils and Marth, Gabor and Abecasis,
Goncalo and Durbin, Richard},
  journal={Bioinformatics},
  volume={25},
  number={16},
  pages={2078--2079},
  year={2009},
  publisher={Oxford University Press}
}

@article{Anders2015,
  title={HTSeq—a Python framework to work with high-throughput
sequencing data},
  author={Anders, Simon and Pyl, Paul Theodor and Huber, Wolfgang},
  journal={Bioinformatics},
  volume={31},
  number={2},
  pages={166--169},
  year={2015},
  publisher={Oxford University Press}
}

@article{Lawrence2013,
  title={Software for computing and annotating genomic ranges},
  author={Lawrence, Michael and Huber, Wolfgang and Pages, Herv{\'e}
and Aboyoun, Patrick and Carlson, Marc and Gentleman, Robert and
Morgan, Martin T and Carey, Vincent J},
  journal={PLoS computational biology},
  volume={9},
  number={8},
  pages={e1003118},
  year={2013},
  publisher={Public Library of Science}
}

@article{Mcisaac2013,
  title={Visualization and analysis of mRNA molecules using
fluorescence in situ hybridization in Saccharomyces cerevisiae},
  author={McIsaac, R Scott and Silverman, Sanford J and Parsons, Lance
and Xu, Ping and Briehof, Ryan and McClean, Megan N and Botstein,
David},
  journal={Journal of visualized experiments: JoVE},
  number={76},
  year={2013},
  publisher={MyJoVE Corporation}
}

@article{Team2000,
  title={R language definition},
  author={Team, R Core},
  journal={Vienna, Austria: R foundation for statistical computing},
  year={2000}
}

@article{Yu2012,
  title={clusterProfiler: an R package for comparing biological themes
among gene clusters},
  author={Yu, Guangchuang and Wang, Li-Gen and Han, Yanyan and He,
Qing-Yu},
  journal={Omics: a journal of integrative biology},
  volume={16},
  number={5},
  pages={284--287},
  year={2012},
  publisher={Mary Ann Liebert, Inc. 140 Huguenot Street, 3rd Floor New
Rochelle, NY 10801 USA}
}

@article{Kinney2010,
  title={Using deep sequencing to characterize the biophysical
mechanism of a transcriptional regulatory sequence},
  author={Kinney, Justin B and Murugan, Anand and Callan, Curtis G and
Cox, Edward C},
  journal={Proceedings of the National Academy of Sciences},
  volume={107},
  number={20},
  pages={9158--9163},
  year={2010},
  publisher={National Acad Sciences}
}

@article{Arribere2013,
  title={Roles for transcript leaders in translation and mRNA decay
revealed by transcript leader sequencing},
  author={Arribere, Joshua A and Gilbert, Wendy V},
  journal={Genome research},
  volume={23},
  number={6},
  pages={977--987},
  year={2013},
  publisher={Cold Spring Harbor Lab}
}



---
---
---

ARTICLE{Yu2016,
  title    = "{RNA} polymerase {II} depletion promotes transcription of
              alternative {mRNA} species",
  author   = "Yu, Lijian and Rege, Mayuri and Peterson, Craig L and Volkert,
              Michael R",
  journal  = "BMC Mol. Biol.",
  volume   =  17,
  number   =  1,
  pages    = "20",
  month    =  aug,
  year     =  2016,
  keywords = "Altered polyadenylation preference; RNA polymerase depletion;
              Transcription; Transcriptional stress; mRNA induction",
  language = "en"
}

ARTICLE{Soto2007,
  title    = "Transduction of centrifugation-induced gravity forces through
              mitogen-activated protein kinase pathways in the fission yeast
              Schizosaccharomyces pombe",
  author   = "Soto, Teresa and N{\'u}{\~n}ez, Andr{\'e}s and Madrid, Marisa and
              Vicente, Jero and Gacto, Mariano and Cansado, Jose",
  journal  = "Microbiology",
  volume   =  153,
  number   = "Pt 5",
  pages    = "1519--1529",
  month    =  may,
  year     =  2007,
  language = "en"
}

ARTICLE{Chowdhury2014,
  title   = "Pat1 contributes to the {RNA} binding activity of the
             {Lsm1-7--Pat1} complex",
  author  = "Chowdhury, Ashis and Kalurupalle, Swathi and Tharun, Sundaresan",
  journal = "RNA",
  volume  =  20,
  number  =  9,
  pages   = "1465--1475",
  year    =  2014
}

ARTICLE{Gupta2014,
  title    = "Alternative polyadenylation diversifies post-transcriptional
              regulation by selective {RNA-protein} interactions",
  author   = "Gupta, Ishaan and Clauder-M{\"u}nster, Sandra and Klaus, Bernd
              and J{\"a}rvelin, Aino I and Aiyar, Raeka S and Benes, Vladimir
              and Wilkening, Stefan and Huber, Wolfgang and Pelechano, Vicent
              and Steinmetz, Lars M",
  journal  = "Mol. Syst. Biol.",
  volume   =  10,
  pages    = "719",
  month    =  feb,
  year     =  2014,
  language = "en"
}

ARTICLE{Deneke2013,
  title    = "Complex degradation processes lead to non-exponential decay
              patterns and age-dependent decay rates of messenger {RNA}",
  author   = "Deneke, Carlus and Lipowsky, Reinhard and Valleriani, Angelo",
  journal  = "PLoS One",
  volume   =  8,
  number   =  2,
  pages    = "e55442",
  month    =  feb,
  year     =  2013,
  language = "en"
}

ARTICLE{Gilbert2007,
  title    = "Cap-independent translation is required for starvation-induced
              differentiation in yeast",
  author   = "Gilbert, Wendy V and Zhou, Kaihong and Butler, Tamira K and
              Doudna, Jennifer A",
  journal  = "Science",
  volume   =  317,
  number   =  5842,
  pages    = "1224--1227",
  month    =  aug,
  year     =  2007,
  language = "en"
}

ARTICLE{Chowdhury2016,
  title    = "Mutagenic Analysis of the {C-Terminal} Extension of Lsm1",
  author   = "Chowdhury, Ashis and Kalurupalle, Swathi and Tharun, Sundaresan",
  journal  = "PLoS One",
  volume   =  11,
  number   =  7,
  pages    = "e0158876",
  month    =  jul,
  year     =  2016,
  language = "en"
}

@article{Chen1998,
  title={A specific RNA-protein interaction at yeast polyadenylation
efficiency elements},
  author={Chen, Shaoxiong and Hyman, Linda E},
  journal={Nucleic acids research},
  volume={26},
  number={21},
  pages={4965--4974},
  year={1998},
  publisher={Oxford University Press}
}


@article{Kessler1997,
  title={Hrp1, a sequence-specific RNA-binding protein that shuttles
between the nucleus and the cytoplasm, is required for mRNA 3'-end
formation in yeast},
  author={Kessler, Marco M and Henry, Michael F and Shen, Elisa and
Zhao, Jing and Gross, Stefan and Silver, Pamela A and Moore, Claire
L},
  journal={Genes \& development},
  volume={11},
  number={19},
  pages={2545--2556},
  year={1997},
  publisher={Cold Spring Harbor Lab}
}

@article{Storey2003,
  title={Statistical significance for genomewide studies},
  author={Storey, John D and Tibshirani, Robert},
  journal={Proceedings of the National Academy of Sciences},
  volume={100},
  number={16},
  pages={9440--9445},
  year={2003},
  publisher={National Acad Sciences}
}

@article{Stanbrough1996,
  title={Two transcription factors, Gln3p and Nil1p, use the same
GATAAG sites to activate the expression of GAP1 of Saccharomyces
cerevisiae.},
  author={Stanbrough, Michael and Magasanik, Boris},
  journal={Journal of bacteriology},
  volume={178},
  number={8},
  pages={2465--2468},
  year={1996},
  publisher={Am Soc Microbiol}
}

@article{Castells2011,
  title={Heat shock response in yeast involves changes in both
transcription rates and mRNA stabilities},
  author={Castells-Roca, Laia and Garc{\'\i}a-Mart{\'\i}nez, Jos{\'e}
and Moreno, Joaqu{\'\i}n and Herrero, Enrique and Bell{\'\i}, Gemma
and P{\'e}rez-Ort{\'\i}n, Jos{\'e} E},
  journal={PloS one},
  volume={6},
  number={2},
  pages={e17272},
  year={2011},
  publisher={Public Library of Science}
}

@article{Romero2009,
  title={Specific and global regulation of mRNA stability during
osmotic stress in Saccharomyces cerevisiae},
  author={Romero-Santacreu, Lorena and Moreno, Joaqu{\'\i}n and
P{\'e}rez-Ort{\'\i}n, Jos{\'e} E and Alepuz, Paula},
  journal={Rna},
  volume={15},
  number={6},
  pages={1110--1120},
  year={2009},
  publisher={Cold Spring Harbor Lab}
}

@article{Molina2008,
  title={Comprehensive transcriptional analysis of the oxidative
response in yeast},
  author={Molina-Navarro, Mar{\'\i}a Micaela and Castells-Roca, Laia
and Bell{\'\i}, Gemma and Garc{\'\i}a-Mart{\'\i}nez, Jos{\'e} and
Mar{\'\i}n-Navarro, Julia and Moreno, Joaqu{\'\i}n and
P{\'e}rez-Ort{\'\i}n, Jos{\'e} E and Herrero, Enrique},
  journal={Journal of Biological Chemistry},
  volume={283},
  number={26},
  pages={17908--17918},
  year={2008},
  publisher={ASBMB}
}

@article{Aghib1990,
	Title = {A 3' truncation of MYC caused by chromosomal
translocation in a human T-cell leukemia increases mRNA stability},
	Author = {Aghib, DF and Bishop, JM and Ottolenghi, S and Guerrasio, A and Serra, A and Saglio, G},
	Number = {5},
	Volume = {5},
	Month = {May},
	Year = {1990},
	Journal = {Oncogene},
	ISSN = {0950-9232},
	Pages = {707—711},
	URL = {http://europepmc.org/abstract/MED/2189107}
}

@ARTICLE{West2017,
  title={Developmental dynamics of gene expression and alternative
polyadenylation in the Caenorhabditis elegans germline},
  author={West, Sean M and Mecenas, Desirea and Gutwein, Michelle and
Aristiz{\'a}bal-Corrales, David and Piano, Fabio and Gunsalus, Kristin
C},
  journal={Genome Biology},
  volume={19},
  number={1},
  pages={8},
  year={2018},
  publisher={BioMed Central}
}

@article{volland1994,
  title={Endocytosis and degradation of the yeast uracil permease under adverse conditions.},
  author={Volland, Christiane and Urban-Grimal, Daniele and Geraud, Gerard and Haguenauer-Tsapis, Rosine},
  journal={Journal of Biological Chemistry},
  volume={269},
  number={13},
  pages={9833--9841},
  year={1994},
  publisher={ASBMB}
}

